
@article{Casalicchio2017openml,
  title = {{OpenML}: An R Package to Connect to the Networked Machine Learning Platform OpenML},
  author = {Giuseppe Casalicchio and Jakob Bossek and Michel Lang and Dominik Kirchhoff and Pascal Kerschke and Benjamin Hofner and Heidi Seibold and Joaquin Vanschoren and Bernd Bischl},
  journal = {ArXiv e-prints},
  year = {2017},
  url = {https://arxiv.org/abs/1701.01293}
}



@article{Vanschoren2014openml,
  Title = {{OpenML}: Networked Science in Machine Learning},
  Author = {Vanschoren, Joaquin and van Rijn, Jan N. and Bischl, Bernd and Torgo, Luis},
  Journal = {SIGKDD Explorations},
  Year = {2014},
  Number = {2},
  Pages = {49--60},
  Volume = {15},
  Address = {New York, NY, USA},
  Publisher = {ACM},
  DOI = {10.1145/2641190.2641198}
}


@inproceedings{vanRijn2013openml,
  title = {{OpenML}: A collaborative science platform},
  author = {Van Rijn, Jan N and Bischl, Bernd and Torgo, Luis and Gao, Bo and Umaashankar, Venkatesh and Fischer, Simon and Winter, Patrick and Wiswedel, Bernd and Berthold, Michael R and Vanschoren, Joaquin},
  booktitle = {Joint European Conference on Machine Learning and Knowledge Discovery in Databases},
  pages = {645--649},
  year = {2013},
  organization = {Springer},
  DOI = {10.1007/978-3-642-40994-3_46}
}


@inproceedings{vanRijn2013rapidminer,
  title = {A RapidMiner extension for open machine learning},
  author = {Van Rijn, Jan N and Umaashankar, Venkatesh and Fischer, Simon and Bischl, Bernd and Torgo, Luis and Gao, Bo and Winter, Patrick and Wiswedel, Bernd and Berthold, Michael R and Vanschoren, Joaquin},
  booktitle = {RapidMiner Community Meeting and Conference},
  pages = {59--70},
  year = {2013}
}



