@article{Vanschoren2012,
  author = "Vanschoren, Joaquin and Blockeel, Hendrik and Pfahringer, Bernhard and Holmes, Geoffrey",
  title = "Experiment databases. {A} new way to share, organize and learn from experiments",
  journal = "Machine Learning",
  volume = "87",
  number = "2",
  pages = "127--158",
  year = "2012",
  doi = "10.1007/s10994-011-5277-0",
  url = "https://lirias.kuleuven.be/handle/123456789/297378",
}

@article{Blockeel2007,
	Author = {H Blockeel and J Vanschoren},
	Journal = {Lecture Notes in Computer Science},
	Month = {Jan},
	Pages = {6--17},
	Title = {Experiment databases: Towards an improved experimental methodology in machine learning},
	Volume = {4702},
	Year = {2007}}

@article{Hand2006,
	Author = {D Hand},
	Journal = {Statistical Science},
	Month = {Jan},
	Title = {Classifier technology and the illusion of progress},
	Year = {2006}}

@article{Hirsh2008,
	Author = {H Hirsh},
	Journal = {Statistical Analysis and Data Mining},
	Month = {Jan},
	Number = {2},
	Pages = {104--107},
	Title = {Data mining research: Current status and future opportunities},
	Volume = {1},
	Year = {2008}}

@article{Nielsen2008,
	Author = {MA Nielsen},
	Journal = {APS Physics},
	Number = {10},
	Title = {The Future of Science: Building a Better Collective Memory.},
	Volume = {17},
	Year = {2008}}

@article{Pfahringer2000,
 Author = {B Pfahringer and H Bensusan and C Giraud-Carrier},
 Journal = {Proceedings of the Seventeenth International Conference on Machine Learning},
 Month = {Jan},
 Pages = {743--750},
 Title = {Meta-learning by landmarking various learning algorithms},
 Year = {2000}}

@article{Peng2002,
 Author = {Y Peng and P Flach and C Soares and P Brazdil},
 Journal = {Lecture Notes in Computer Science},
 Month = {Jan},
 Pages = {141--152},
 Title = {Improved dataset characterisation for meta-learning},
 Volume = {2534},
 Year = {2002}}
