% This file was created with JabRef 2.10.
% Encoding: Cp1252

@PREAMBLE{ " \newcommand{\noop}[1]{} " }


@Article{Asuncion:2007p519,
  Title                    = {{UCI Machine Learning Repository}},
  Author                   = {Asuncion, Arthur and Newman, David J.},
  Journal                  = {University of California, School of Information and Computer Science},
  Year                     = {2007}
}

@Article{Bifet:2010p28524,
  Title                    = {{MOA}: {M}assive {O}nline {A}nalysis},
  Author                   = {Bifet, Albert and Holmes, Geoffrey and Kirkby, Richard and Pfahringer, Bernhard},
  Journal                  = {Journal of Machine Learning Research},
  Year                     = {2010},
  Pages                    = {1601--1604},
  Volume                   = {11},

  Publisher                = {Microtome Publisher},
  Url                      = {http://www.jmlr.org/papers/v11/bifet10a.html}
}

@Article{JMLR:v17:15-066,
  Title                    = {{mlr: Machine Learning in R}},
  Author                   = {Bischl, Bernd and Lang, Michel and Kotthoff, Lars and Schiffner, Julia and Richter, Jakob and Studerus, Erich and Casalicchio, Giuseppe and Jones, Zachary M.},
  Journal                  = {Journal of Machine Learning Research},
  Year                     = {2016},
  Number                   = {170},
  Pages                    = {1--5},
  Volume                   = {17},

  Publisher                = {Microtome Publisher},
  Url                      = {http://jmlr.org/papers/v17/15-066.html}
}

@Article{BatchJobs2015,
  Title                    = {{BatchJobs} and {BatchExperiments}: Abstraction Mechanisms for Using {R} in Batch Environments},
  Author                   = {Bischl, Bernd and Lang, Michel and Mersmann, Olaf and Rahnenf{\"u}hrer, J{\"o}rg and Weihs, Claus},
  Journal                  = {Journal of Statistical Software},
  Year                     = {2015},
  Number                   = {11},
  Pages                    = {1--25},
  Volume                   = {64},

  Url                      = {http://www.jstatsoft.org/v64/i11/}
}

@Article{Carpenter:2011p34283,
  Title                    = {{May the Best Analyst Win}},
  Author                   = {Carpenter, Jennifer},
  Journal                  = {Science},
  Year                     = {2011},

  Month                    = {February},
  Number                   = {6018},
  Pages                    = {698--699},
  Volume                   = {331},

  Publisher                = {American Association for the Advancement of Science}
}

@Manual{casalicchio17,
  Title                    = {{OpenML: Exploring Machine Learning Better, Together}},
  Author                   = {Giuseppe Casalicchio and Bernd Bischl and Dominik Kirchhoff and Michel Lang and Benjamin Hofner and Jakob Bossek and Pascal Kerschke and Joaquin Vanschoren},
  Note                     = {{R} package version 1.3},
  Year                     = {2017},

  Url                      = {https://CRAN.R-project.org/package=OpenML}
}

@InProceedings{feurer2015initializing,
  Title                    = {{Initializing Bayesian Hyperparameter Optimization via Meta-Learning.}},
  Author                   = {Feurer, Matthias and Springenberg, Jost Tobias and Hutter, Frank},
  Booktitle                = {AAAI},
  Year                     = {2015},
  Pages                    = {1128--1135}
}

@Article{Hall:2009p14495,
  Title                    = {{The WEKA Data Mining Software: An Update}},
  Author                   = {Hall, Mark A. and Frank, Eibe and Holmes, Geoffrey and Pfahringer, Bernhard and Reutemann, Peter and Witten, Ian H.},
  Journal                  = {SIGKDD Explorations Newsletter},
  Year                     = {2009},
  Number                   = {1},
  Pages                    = {10--18},
  Volume                   = {11},

  Address                  = {New York, NY, USA},
  Publisher                = {ACM},
  Url                      = {http://www.cs.waikato.ac.nz/ml/weka/}
}

@Article{party,
  Title                    = {{Unbiased Recursive Partitioning: A Conditional Inference Framework}},
  Author                   = {Hothorn, Torsten and Hornik, Kurt and Zeileis, Achim},
  Journal                  = {Journal of Computational and Graphical Statistics},
  Year                     = {2006},
  Number                   = {3},
  Pages                    = {651--674},
  Volume                   = {15},

  Publisher                = {Taylor \& Francis}
}

@Manual{C50,
  Title                    = {{C50: C5.0 Decision Trees and Rule-Based Models}},
  Author                   = {Kuhn, Max and Weston, Steve and Coulter, Nathan and Culp, Mark.},
  Note                     = {{R} package version 0.1.0-24, C code for C5.0 by R. Quinlan},
  Year                     = {2015},

  Url                      = {https://CRAN.R-project.org/package=C50}
}

@Article{lang2015automatic,
  Title                    = {{Automatic Model Selection for High-dimensional Survival Analysis}},
  Author                   = {Lang, Michel and Kotthaus, Helena and Marwedel, Peter and Weihs, Claus and Rahnenf{\"u}hrer, J{\"o}rg and Bischl, Bernd},
  Journal                  = {Journal of Statistical Computation and Simulation},
  Year                     = {2015},
  Number                   = {1},
  Pages                    = {62--76},
  Volume                   = {85},

  Publisher                = {Taylor \& Francis}
}

@Article{randomForest,
  Title                    = {{Classification and Regression by randomForest}},
  Author                   = {Liaw, Andy and Wiener, Matthew},
  Journal                  = {R News},
  Year                     = {2002},

  Month                    = {December},
  Number                   = {3},
  Pages                    = {18-22},
  Volume                   = {2},

  Url                      = {http://CRAN.R-project.org/doc/Rnews/}
}

@Book{nielsen2012reinventing,
  Title                    = {{Reinventing Discovery: The New Era of Networked Science}},
  Author                   = {Nielsen, Michael},
  Publisher                = {Princeton University Press},
  Year                     = {2012},

  Url                      = {http://www.jstor.org/stable/j.ctt7s4vx}
}

@Article{scikit-learn,
  Title                    = {{Scikit-learn: Machine Learning in {P}ython}},
  Author                   = {Pedregosa, Fabian and Varoquaux, Ga{\"e}l and Gramfort, Alexandre and Michel, Vincent and Thirion, Bertrand and Grisel, Olivier and Blondel, Mathieu and Prettenhofer, Peter and Weiss, Ron and Dubourg, Vincent and Vanderplas, Jake and Passos, Alexandre and Cournapeau, David and Brucher, Matthieu and Perrot, Matthieu and Duchesnay, {\'E}douard},
  Journal                  = {Journal of Machine Learning Research},
  Year                     = {2011},
  Pages                    = {2825--2830},
  Volume                   = {12},

  Url                      = {http://scikit-learn.org/}
}

@InProceedings{post2016does,
  Title                    = {{Does Feature Selection Improve Classification? A Large Scale Experiment in OpenML}},
  Author                   = {Post, Martijn J and van der Putten, Peter and van Rijn, Jan N},
  Booktitle                = {International Symposium on Intelligent Data Analysis},
  Year                     = {2016},
  Organization             = {Springer},
  Pages                    = {158--170}
}

@Article{Au2016,
  Title                    = {{Multilabel Classification with R Package mlr}},
  Author                   = {{Probst}, P. and {Au}, Q. and {Casalicchio}, G. and {Stachl}, C. and {Bischl}, B.},
  Journal                  = {arXiv preprint arXiv:1703.08991},
  Year                     = {2017}
}

@Manual{r2016,
  Title                    = {{R: A Language and Environment for Statistical Computing}},

  Address                  = {Vienna, Austria},
  Author                   = {{R Core Team}},
  Organization             = {R Foundation for Statistical Computing},
  Year                     = {2016},

  Url                      = {https://www.R-project.org/}
}

@InCollection{Rijn2014,
  Title                    = {{Algorithm Selection on Data Streams}},
  Author                   = {van Rijn, J. N. and Holmes, G. and Pfahringer, B. and Vanschoren, J.},
  Booktitle                = {Discovery Science},
  Publisher                = {Springer},
  Year                     = {2014},
  Pages                    = {325--336},
  Series                   = {Lecture Notes in Computer Science},
  Volume                   = {8777}
}

@InProceedings{RCOMM2013,
  Title                    = {{A RapidMiner Extension for Open Machine Learning}},
  Author                   = {van Rijn, Jan N. and Umaashankar, Venkatesh and Fischer, Simon and Bischl, Bernd and Torgo, Luis and Gao, Bo and Winter, Patrick and Wiswedel, Bernd and Berthold, Michael R. and Vanschoren, Joaquin},
  Booktitle                = {Proceedings of the 4th RapidMiner Community Meeting and Conference (RCOMM 2013)},
  Year                     = {2013},
  Month                    = {August},
  Pages                    = {59--70},

  Location                 = {Porto, Portugal}
}

@Article{schiffner2016mlr,
  Title                    = {{mlr Tutorial}},
  Author                   = {{Schiffner}, J. and {Bischl}, B. and {Lang}, M. and {Richter}, J. and {Jones}, Z.~M. and {Probst}, P. and {Pfisterer}, F. and {Gallo}, M. and {Kirchhoff}, D. and {K{\"u}hn}, T. and {Thomas}, J. and {Kotthoff}, L. },
  Journal                  = {arXiv preprint arXiv:1609.06146},
  Year                     = {2016}
}

@Manual{rpart,
  Title                    = {{rpart: Recursive Partitioning and Regression Trees}},
  Author                   = {Therneau, Terry and Atkinson, Beth and Ripley, Brian},
  Note                     = {{R} package version 4.1-10},
  Year                     = {2015},

  Url                      = {http://CRAN.R-project.org/package=rpart}
}

@Article{Vanschoren12,
  Title                    = {{Experiment Databases. A New Way to Share, Organize and Learn from Experiments}},
  Author                   = {Vanschoren, Joaquin and Blockeel, Hendrik and Pfahringer, Bernhard and Holmes, Geoffrey},
  Journal                  = {Machine Learning},
  Year                     = {2012},
  Number                   = {2},
  Pages                    = {127--158},
  Volume                   = {87},

  Publisher                = {Springer}
}

@Article{openml2013,
  Title                    = {{OpenML: Networked Science in Machine Learning}},
  Author                   = {Vanschoren, Joaquin and van Rijn, Jan N. and Bischl, Bernd and Torgo, Luis},
  Journal                  = {SIGKDD Explorations},
  Year                     = {2013},
  Number                   = {2},
  Pages                    = {49--60},
  Volume                   = {15},

  Address                  = {New York, NY, USA},
  Publisher                = {ACM}
}

@Book{ggplot2,
  Title                    = {{ggplot2: Elegant Graphics for Data Analysis}},
  Author                   = {Wickham, Hadley},
  Publisher                = {Springer},
  Year                     = {2009},

  Address                  = {New York, NY, USA},

  Url                      = {http://ggplot2.org}
}


@Manual{parallelMap,
  title = {{parallelMap: Unified Interface to Parallelization Back-Ends}},
  author = {Bernd Bischl and Michel Lang},
  year = {2015},
  note = {R package version 1.3},
  url = {https://CRAN.R-project.org/package=parallelMap},
}

@article{batchtools,
  url = {https://doi.org/10.21105%2Fjoss.00135},
  year  = {2017},
  publisher = {The Open Journal},
  volume = {2},
  number = {10},
  author = {Michel Lang and Bernd Bischl and Dirk Surmann},
  title = {batchtools: Tools for R to work on batch systems},
  journal = {The Journal of Open Source Software}
}

@article{mlrMBO,
  title={mlrMBO: A Modular Framework for Model-Based Optimization of Expensive Black-Box Functions},
  author={Bischl, Bernd and Richter, Jakob and Bossek, Jakob and Horn, Daniel and Thomas, Janek and Lang, Michel},
  journal={arXiv preprint arXiv:1703.03373},
  year={2017}
}
