@article{Vanschoren2012,
  author = {Vanschoren, J. and Blockeel, H. and Pfahringer, B. and Holmes, G.},
  title = {{Experiment databases. {A} new way to share, organize and learn from experiments}},
  journal = {Machine Learning},
  volume = {87},
  number = {2},
  pages = {127--158},
  year = {2012}
}

@article{Hand2006,
  author = {Hand, D.},
  journal = {Statistical Science},
  month = {Jan},
  title = {{Classifier Technology and the Illusion of Progress}},
  year = {2006}
}

@article{Hirsh2008,
  author = {Hirsh, H.},
  journal = {Statistical Analysis and Data Mining},
  number = {2},
  pages = {104--107},
  title = {Data mining research: Current status and future opportunities},
  volume = {1},
  year = {2008}
}

@article{Nielsen2008,
  author = {Nielsen, M. A.},
  journal = {APS Physics},
  number = {10},
  title = {{The Future of Science: Building a Better Collective Memory}},
  volume = {17},
  year = {2008}
}

@article{Peng2002,
 author = {Peng, Y. and Flach, P. and Soares, C. and Brazdil, P.},
 journal = {Lecture Notes in Computer Science},
 pages = {141--152},
 title = {{Improved Dataset Characterisation for Meta-Learning}},
 volume = {2534},
 year = {2002}}


@article {frey1991,
  journal = {Machine Learning},
  author = {Frey, P.W. and Slate, D. J.},
  title = {{Letter Recognition Using Holland-Style Adaptive Classifiers}},
  pages = {161},
  volume = {6},
  year = {1991},
} 


@article{Roure2009,
  volume = {25},
  author = {De Roure, D. and Goble, C. and Stevens, R.},
  title = {{The Design and Realisation of the my{E}xperiment Virtual Research Environment for Social Sharing of Workflows}},
  publisher = {Elsevier},
  journal = {Future Generation Computer Systems},
  pages = {561--567},
  year = {2009}
}

@article{Goble2010,
  author = {Goble, C. A. and Bhagat, J. and Aleksejevs, S. and Cruickshank, D. and Michaelides, D. and Newman, D. and Borkum, M. and Bechhofer, S. and Roos, M. and Li, P. and De Roure, D.}, 
  title = {{my{E}xperiment: a repository and social network for the sharing of bioinformatics workflows}},
  volume = {38}, 
  number = {suppl 2}, 
  pages = {W677-W682}, 
  year = {2010},  
  journal = {Nucleic Acids Research} 
}
